[gd_scene load_steps=2 format=3 uid="uid://yvo288wemoeg"]

[ext_resource type="Script" path="res://gui/menu/MainMenu.gd" id="1_fkymy"]

[node name="MainMenu" type="Node2D"]
script = ExtResource("1_fkymy")

[node name="Control" type="Control" parent="."]
custom_minimum_size = Vector2(1280, 768)
offset_right = 1280.0
offset_bottom = 768.0
size_flags_horizontal = 3
size_flags_vertical = 3

[node name="HSeparator" type="HSeparator" parent="Control"]
anchor_right = 1.0
anchor_bottom = 1.0
grow_horizontal = 2
grow_vertical = 2
metadata/_edit_layout_mode = 1

[node name="HSeparator" type="HSeparator" parent="Control/HSeparator"]
anchor_right = 1.0
anchor_bottom = 1.0
grow_horizontal = 2
grow_vertical = 2
metadata/_edit_layout_mode = 1

[node name="Label" type="Label" parent="Control/HSeparator/HSeparator"]
anchor_right = 1.0
offset_bottom = 91.0
grow_horizontal = 2
theme_override_font_sizes/font_size = 64
text = "Climate Change!!!!"
horizontal_alignment = 1
metadata/_edit_layout_mode = 1

[node name="VBoxContainer" type="VBoxContainer" parent="Control/HSeparator/HSeparator"]
anchor_left = 0.5
anchor_right = 0.5
offset_left = -60.5
offset_top = 128.0
offset_right = 60.5
offset_bottom = 215.0
grow_horizontal = 2
metadata/_edit_layout_mode = 1

[node name="JoinButton" type="Button" parent="Control/HSeparator/HSeparator/VBoxContainer"]
offset_right = 253.0
offset_bottom = 75.0
theme_override_font_sizes/font_size = 48
text = "Join server"

[node name="HostTextEdit" type="TextEdit" parent="Control/HSeparator/HSeparator/VBoxContainer"]
unique_name_in_owner = true
offset_top = 79.0
offset_right = 253.0
offset_bottom = 87.0
theme_override_constants/line_spacing = 2
theme_override_font_sizes/font_size = 48
placeholder_text = "Domain / IP address"

[node name="PortTextEdit" type="TextEdit" parent="Control/HSeparator/HSeparator/VBoxContainer"]
unique_name_in_owner = true
offset_top = 91.0
offset_right = 253.0
offset_bottom = 99.0
theme_override_constants/line_spacing = 2
theme_override_font_sizes/font_size = 48
placeholder_text = "Port (default: 42069)"

[node name="CenterContainer" type="CenterContainer" parent="Control/HSeparator"]
anchor_left = 0.5
anchor_top = 1.0
anchor_right = 0.5
anchor_bottom = 1.0
offset_left = -128.0
offset_top = -228.0
offset_right = 128.0
offset_bottom = -153.0
grow_horizontal = 2
grow_vertical = 0
metadata/_edit_layout_mode = 1

[node name="HostButton" type="Button" parent="Control/HSeparator/CenterContainer"]
offset_right = 256.0
offset_bottom = 75.0
theme_override_font_sizes/font_size = 48
text = "Host game"

[connection signal="pressed" from="Control/HSeparator/HSeparator/VBoxContainer/JoinButton" to="." method="_on_join_button_pressed"]
[connection signal="pressed" from="Control/HSeparator/CenterContainer/HostButton" to="." method="_on_host_button_pressed"]
